<record xmlns="http://www.loc.gov/MARC21/slim" xmlns:xsi="http://www.w3.org/2001/XMLSchema-instance" xsi:schemaLocation="http://www.loc.gov/MARC21/slim http://www.loc.gov/standards/marcxml/schema/MARC21slim.xsd"><leader>     nam a22        4500</leader><controlfield tag="001">3076765</controlfield><controlfield tag="003">NNC</controlfield><controlfield tag="006">m        d        </controlfield><controlfield tag="007">cr cn |||m|||a</controlfield><controlfield tag="008">150601s1929    ua      o     000 0 ara d</controlfield><datafield ind1=" " ind2=" " tag="040"><subfield code="a">NNU</subfield><subfield code="b">eng</subfield><subfield code="e">rda</subfield><subfield code="c">NNU</subfield></datafield><datafield ind1=" " ind2="4" tag="050"><subfield code="a">PJ7542.J4</subfield><subfield code="b">F3</subfield></datafield><datafield ind1="1" ind2=" " tag="100"><subfield code="6">880-01</subfield><subfield code="a">Faraj, Mura&#772;d,</subfield><subfield code="d">1866-</subfield></datafield><datafield ind1="1" ind2="3" tag="245"><subfield code="6">880-02</subfield><subfield code="a">Al-Shu&#699;ara&#772;&#700; al-yahu&#772;d al-&#699;arab =</subfield><subfield code="b">les poe&#769;tes israelites arabes /</subfield><subfield code="c">ta&#700;li&#772;f Morad Farag.</subfield></datafield><datafield ind1="3" ind2=" " tag="246"><subfield code="a">Poe&#769;tes israelites arabes</subfield></datafield><datafield ind1=" " ind2=" " tag="260"><subfield code="6">880-03</subfield><subfield code="a">[Cairo] :</subfield><subfield code="b">Al-Mat&#803;ba&#699;ah al-Rah&#803;ma&#772;ni&#772;yah,</subfield><subfield code="c">1929.</subfield></datafield><datafield ind1=" " ind2=" " tag="300"><subfield code="a">online resource (38 pages)</subfield></datafield><datafield ind1=" " ind2=" " tag="336"><subfield code="a">text</subfield><subfield code="2">rdacontent</subfield></datafield><datafield ind1=" " ind2=" " tag="337"><subfield code="a">computer</subfield><subfield code="2">rdamedia</subfield></datafield><datafield ind1=" " ind2=" " tag="338"><subfield code="a">online resource</subfield><subfield code="2">rdacarrier</subfield></datafield><datafield ind1=" " ind2=" " tag="500"><subfield code="a">Part of the Arabic Collections Online (ACO) project, contributed by Columbia University Libraries.</subfield></datafield><datafield ind1=" " ind2=" " tag="533"><subfield code="a">Electronic reproduction.</subfield><subfield code="b">New York, N.Y. :</subfield><subfield code="c">New York University,</subfield><subfield code="d">2015.</subfield><subfield code="5">NNU</subfield></datafield><datafield ind1=" " ind2="0" tag="650"><subfield code="a">Arabic poetry</subfield><subfield code="x">Jewish authors.</subfield></datafield><datafield ind1=" " ind2="7" tag="650"><subfield code="a">Arabic poetry</subfield><subfield code="x">Jewish authors.</subfield><subfield code="2">fast</subfield><subfield code="0">(OCoLC)fst00812542</subfield></datafield><datafield ind1="2" ind2=" " tag="710"><subfield code="a">Columbia University.</subfield><subfield code="b">Libraries.</subfield></datafield><datafield ind1="0" ind2=" " tag="730"><subfield code="a">Arabic Collections Online.</subfield></datafield><datafield ind1="0" ind2="8" tag="776"><subfield code="i">Print version:</subfield><subfield code="a">Faraj, Mura&#772;d, 1866-</subfield><subfield code="t">Al-Shu&#699;ara&#772;&#700; al-yahu&#772;d al-&#699;arab =</subfield><subfield code="w">(NNC)3076765</subfield><subfield code="w">(OCoLC)8653236</subfield></datafield><datafield ind1="4" ind2="0" tag="856"><subfield code="u">http://hdl.handle.net/2333.1/dbrv17vg</subfield></datafield><datafield ind1="1" ind2=" " tag="880"><subfield code="6">100-01/r</subfield><subfield code="a">&#1601;&#1585;&#1580;&#1548; &#1605;&#1585;&#1575;&#1583;&#1548; </subfield><subfield code="d">1866-</subfield></datafield><datafield ind1="1" ind2="2" tag="880"><subfield code="6">245-02/r</subfield><subfield code="a">&#1575;&#1604;&#1588;&#1593;&#1585;&#1575;&#1569; &#1575;&#1604;&#1610;&#1607;&#1608;&#1583; &#1575;&#1604;&#1593;&#1585;&#1576; =</subfield><subfield code="b">les poe&#769;tes israelites arabes / </subfield><subfield code="c">&#1578;&#1571;&#1604;&#1610;&#1601; &#1605;&#1585;&#1575;&#1583; &#1601;&#1585;&#1580;.</subfield></datafield><datafield ind1=" " ind2=" " tag="880"><subfield code="6">260-03/r</subfield><subfield code="a">[&#1575;&#1604;&#1602;&#1575;&#1607;&#1585;&#1577;] :</subfield><subfield code="b">&#1575;&#1604;&#1605;&#1591;&#1576;&#1593;&#1577; &#1575;&#1604;&#1585;&#1581;&#1605;&#1606;&#1610;&#1577;&#1548;</subfield><subfield code="c">1929.</subfield></datafield><datafield ind1=" " ind2=" " tag="959"><subfield code="a">NNU</subfield><subfield code="b">WEB</subfield><subfield code="c">GENI</subfield><subfield code="t">0</subfield><subfield code="m">Electronic access</subfield><subfield code="s">01</subfield></datafield><datafield ind1=" " ind2=" " tag="999"><subfield code="i">NNC_3076765</subfield><subfield code="o">(OCoLC)ocm08653236</subfield><subfield code="s">columbia_aco000571</subfield><subfield code="e">(ERROR-880)</subfield><subfield code="s">columbia_aco000571</subfield></datafield></record>